{
  "leader": "04238cam a2200565 a 4500",
  "fields": [
    {
      "001": "ocn746489134"
    },
    {
      "003": "OCoLC"
    },
    {
      "005": "20220707145053.0"
    },
    {
      "008": "110707s2012\\\\\\\\njua\\\\\\\\\\b\\\\\\\\001\\0\\eng\\\\"
    },
    {
      "010": {
        "ind1": "\\",
        "ind2": "\\",
        "subfields": [
          {
            "a": "  2011028832"
          }
        ]
      }
    },
    {
      "040": {
        "ind1": "\\",
        "ind2": "\\",
        "subfields": [
          {
            "a": "DLC"
          },
          {
            "b": "eng"
          },
          {
            "c": "DLC"
          },
          {
            "d": "BTCTA"
          },
          {
            "d": "YDXCP"
          },
          {
            "d": "BDX"
          },
          {
            "d": "BWX"
          },
          {
            "d": "OCLCO"
          },
          {
            "d": "CUT"
          },
          {
            "d": "VVC"
          },
          {
            "d": "CDX"
          },
          {
            "d": "YBM"
          },
          {
            "d": "WEX"
          },
          {
            "d": "OCLCF"
          },
          {
            "d": "OCLCQ"
          },
          {
            "d": "OCLCO"
          },
          {
            "d": "OCLCQ"
          },
          {
            "d": "HEBIS"
          },
          {
            "d": "S3O"
          },
          {
            "d": "OCLCQ"
          },
          {
            "d": "IOK"
          },
          {
            "d": "UKMGB"
          },
          {
            "d": "WURST"
          },
          {
            "d": "OCLCA"
          },
          {
            "d": "OCLCO"
          }
        ]
      }
    },
    {
      "016": {
        "ind1": "7",
        "ind2": "\\",
        "subfields": [
          {
            "a": "016074173"
          },
          {
            "2": "Uk"
          }
        ]
      }
    },
    {
      "020": {
        "ind1": "\\",
        "ind2": "\\",
        "subfields": [
          {
            "a": "9780813552712"
          }
        ]
      }
    },
    {
      "020": {
        "ind1": "\\",
        "ind2": "\\",
        "subfields": [
          {
            "a": "0813552710"
          }
        ]
      }
    },
    {
      "020": {
        "ind1": "\\",
        "ind2": "\\",
        "subfields": [
          {
            "a": "9780813552729"
          },
          {
            "q": "(pbk.)"
          }
        ]
      }
    },
    {
      "020": {
        "ind1": "\\",
        "ind2": "\\",
        "subfields": [
          {
            "a": "0813552729"
          },
          {
            "q": "(pbk.)"
          }
        ]
      }
    },
    {
      "020": {
        "ind1": "\\",
        "ind2": "\\",
        "subfields": [
          {
            "a": "9780813553351"
          },
          {
            "q": "(ebook)"
          }
        ]
      }
    },
    {
      "020": {
        "ind1": "\\",
        "ind2": "\\",
        "subfields": [
          {
            "a": "0813553350"
          },
          {
            "q": "(ebook)"
          }
        ]
      }
    },
    {
      "035": {
        "ind1": "\\",
        "ind2": "\\",
        "subfields": [
          {
            "a": "(OCoLC)746489134"
          }
        ]
      }
    },
    {
      "043": {
        "ind1": "\\",
        "ind2": "\\",
        "subfields": [
          {
            "a": "n-us---"
          }
        ]
      }
    },
    {
      "050": {
        "ind1": "0",
        "ind2": "0",
        "subfields": [
          {
            "a": "HB871"
          },
          {
            "b": ".R57 2012"
          }
        ]
      }
    },
    {
      "082": {
        "ind1": "0",
        "ind2": "0",
        "subfields": [
          {
            "a": "363.91"
          },
          {
            "b": "ROB"
          }
        ]
      }
    },
    {
      "100": {
        "ind1": "1",
        "ind2": "\\",
        "subfields": [
          {
            "a": "Robertson, Thomas,"
          },
          {
            "d": "1967-"
          }
        ]
      }
    },
    {
      "245": {
        "ind1": "1",
        "ind2": "4",
        "subfields": [
          {
            "a": "The Malthusian moment :"
          },
          {
            "b": "global population growth and the birth of American environmentalism /"
          },
          {
            "c": "Thomas Robertson."
          }
        ]
      }
    },
    {
      "260": {
        "ind1": "\\",
        "ind2": "\\",
        "subfields": [
          {
            "a": "New Brunswick :"
          },
          {
            "b": "Rutgers University Press,"
          },
          {
            "c": "\u00a92012."
          }
        ]
      }
    },
    {
      "300": {
        "ind1": "\\",
        "ind2": "\\",
        "subfields": [
          {
            "a": "xix, 291 pages :"
          },
          {
            "b": "illustrations ;"
          },
          {
            "c": "23 cm."
          }
        ]
      }
    },
    {
      "336": {
        "ind1": "\\",
        "ind2": "\\",
        "subfields": [
          {
            "a": "text"
          },
          {
            "b": "txt"
          },
          {
            "2": "rdacontent"
          }
        ]
      }
    },
    {
      "337": {
        "ind1": "\\",
        "ind2": "\\",
        "subfields": [
          {
            "a": "unmediated"
          },
          {
            "b": "n"
          },
          {
            "2": "rdamedia"
          }
        ]
      }
    },
    {
      "338": {
        "ind1": "\\",
        "ind2": "\\",
        "subfields": [
          {
            "a": "volume"
          },
          {
            "b": "nc"
          },
          {
            "2": "rdacarrier"
          }
        ]
      }
    },
    {
      "490": {
        "ind1": "1",
        "ind2": "\\",
        "subfields": [
          {
            "a": "Studies in modern science, technology, and the environment"
          }
        ]
      }
    },
    {
      "505": {
        "ind1": "0",
        "ind2": "\\",
        "subfields": [
          {
            "a": "Malthusianism, eugenics, and carrying capacity in the interwar period -- War and nature: Fairfield Osborn, William Vogt, and the birth of global ecology -- Abundance in a sea of poverty : quality and quantity of life -- \"Feed 'em or fight 'em: population and resources on the global frontier during the Cold War -- The \"Chinification\" of American cities, suburbs, and wilderness -- Paul Ehrlich, the 1960s, and the population bomb -- Strange bedfellows: population politics, 1968-1970 -- We're all in the same boat!?: The disuniting of spaceship earth -- Ronald Reagan, the new right, and population growth -- Conclusion: The power and pitfalls of biology."
          }
        ]
      }
    },
    {
      "504": {
        "ind1": "\\",
        "ind2": "\\",
        "subfields": [
          {
            "a": "Includes bibliographical references (pages 233-283) and index."
          }
        ]
      }
    },
    {
      "520": {
        "ind1": "3",
        "ind2": "\\",
        "subfields": [
          {
            "a": "Although Rachel Carson&#x2019;s Silent Spring (1962) is often cited as the founding text of the U.S."
          }
        ]
      }
    },
    {
      "520": {
        "ind1": "3",
        "ind2": "\\",
        "subfields": [
          {
            "a": "environmental movement, in The Malthusian Moment Thomas Robertson locates the origins of modern American environmentalism in twentieth-century adaptations of Thomas Malthus&#x2019;s concerns about population growth."
          }
        ]
      }
    },
    {
      "520": {
        "ind1": "3",
        "ind2": "\\",
        "subfields": [
          {
            "a": "For many environmentalists, managing population growth became the key to unlocking the most intractable problems facing Americans after World War II&#x2014;everything from war and the spread of communism overseas to poverty, race riots, and suburban sprawl at home."
          }
        ]
      }
    },
    {
      "520": {
        "ind1": "3",
        "ind2": "\\",
        "subfields": [
          {
            "a": "Weaving together the international and the domestic in creative new ways, The Malthusian Moment charts the explosion of Malthusian thinking in the United States from World War I to Earth Day 1970, then traces the just-as-surprising decline in concern beginning in the mid-1970s."
          }
        ]
      }
    },
    {
      "520": {
        "ind1": "3",
        "ind2": "\\",
        "subfields": [
          {
            "a": "In addition to offering an unconventional look at World War II and the Cold War through a balanced study of the environmental movement&#x2019;s most contentious theory, the book sheds new light on some of the big stories of postwar American life: the rise of consumption, the growth of the federal government, urban and suburban problems, the civil rights and women&#x2019;s movements, the role of scientists in a democracy, new attitudes about sex and sexuality, and the emergence of the \u201cNew Right.\u201d."
          }
        ]
      }
    },
    {
      "650": {
        "ind1": "\\",
        "ind2": "0",
        "subfields": [
          {
            "a": "Overpopulation"
          },
          {
            "x": "History."
          }
        ]
      }
    },
    {
      "650": {
        "ind1": "\\",
        "ind2": "0",
        "subfields": [
          {
            "a": "Environmentalism"
          },
          {
            "z": "United States"
          },
          {
            "x": "History."
          }
        ]
      }
    },
    {
      "650": {
        "ind1": "\\",
        "ind2": "7",
        "subfields": [
          {
            "a": "Environmentalism."
          },
          {
            "2": "fast"
          },
          {
            "0": "(OCoLC)fst00913543"
          }
        ]
      }
    },
    {
      "650": {
        "ind1": "\\",
        "ind2": "7",
        "subfields": [
          {
            "a": "Overpopulation."
          },
          {
            "2": "fast"
          },
          {
            "0": "(OCoLC)fst01049361"
          }
        ]
      }
    },
    {
      "651": {
        "ind1": "\\",
        "ind2": "7",
        "subfields": [
          {
            "a": "United States."
          },
          {
            "2": "fast"
          },
          {
            "0": "(OCoLC)fst01204155"
          }
        ]
      }
    },
    {
      "655": {
        "ind1": "\\",
        "ind2": "7",
        "subfields": [
          {
            "a": "History."
          },
          {
            "2": "fast"
          },
          {
            "0": "(OCoLC)fst01411628"
          }
        ]
      }
    },
    {
      "830": {
        "ind1": "\\",
        "ind2": "0",
        "subfields": [
          {
            "a": "Studies in modern science, technology, and the environment."
          }
        ]
      }
    },
    {
      "856": {
        "ind1": "4",
        "ind2": "2",
        "subfields": [
          {
            "3": "Contributor biographical information"
          },
          {
            "u": "http://catdir.loc.gov/catdir/enhancements/fy1211/2011028832-b.html"
          }
        ]
      }
    },
    {
      "856": {
        "ind1": "4",
        "ind2": "2",
        "subfields": [
          {
            "3": "Publisher description"
          },
          {
            "u": "http://catdir.loc.gov/catdir/enhancements/fy1211/2011028832-d.html"
          }
        ]
      }
    },
    {
      "856": {
        "ind1": "4",
        "ind2": "2",
        "subfields": [
          {
            "z": "Additional Information at Google Books"
          },
          {
            "u": "http://books.google.com/books?isbn=9780813552712"
          }
        ]
      }
    },
    {
      "994": {
        "ind1": "\\",
        "ind2": "\\",
        "subfields": [
          {
            "a": "Z0"
          },
          {
            "b": "NYRVC"
          }
        ]
      }
    },
    {
      "948": {
        "ind1": "\\",
        "ind2": "\\",
        "subfields": [
          {
            "h": "NO HOLDINGS IN NYRVC - 240 OTHER HOLDINGS"
          }
        ]
      }
    },
    {
      "999": {
        "ind1": "\\",
        "ind2": "\\",
        "subfields": [
          {
            "a": "00000000026160"
          }
        ]
      }
    }
  ]
}